<record><leader>00000cas a22000007a 4500</leader><controlfield tag="001">16111577</controlfield><controlfield tag="008">870630d18451845msuwr ne      0   a0eng d</controlfield><datafield ind1=" " ind2=" " tag="010"><subfield code="a">sn 87065517 </subfield></datafield><datafield ind1=" " ind2=" " tag="040"><subfield code="a">MJA</subfield><subfield code="b">eng</subfield><subfield code="c">MJA</subfield><subfield code="d">MSJ</subfield><subfield code="d">OCLCQ</subfield><subfield code="d">DLC</subfield></datafield><datafield ind1="0" ind2=" " tag="022"><subfield code="a">2469-6633</subfield><subfield code="2">1</subfield></datafield><datafield ind1=" " ind2=" " tag="042"><subfield code="a">msc</subfield><subfield code="a">nsdp</subfield></datafield><datafield ind1=" " ind2=" " tag="043"><subfield code="a">n-us-ms</subfield></datafield><datafield ind1="0" ind2="0" tag="050"><subfield code="a">Newspaper</subfield></datafield><datafield ind1="1" ind2="0" tag="082"><subfield code="a">071</subfield><subfield code="2">23</subfield></datafield><datafield ind1="0" ind2=" " tag="130"><subfield code="a">Lynx (Panola, Miss.)</subfield></datafield><datafield ind1=" " ind2="4" tag="222"><subfield code="a">The lynx</subfield><subfield code="b">(Panola, Miss. Print)</subfield></datafield><datafield ind1="1" ind2="4" tag="245"><subfield code="a">The lynx.</subfield></datafield><datafield ind1=" " ind2=" " tag="260"><subfield code="a">Panola, Mi. [i.e. Miss.] :</subfield><subfield code="b">Keith &amp; Rockett,</subfield><subfield code="c">1845-</subfield></datafield><datafield ind1=" " ind2=" " tag="310"><subfield code="a">Weekly</subfield></datafield><datafield ind1="0" ind2=" " tag="362"><subfield code="a">Vol. 1, no. 1 (Jan. 11, 1845)-</subfield></datafield><datafield ind1="1" ind2=" " tag="362"><subfield code="a">Ceased in 1845.</subfield></datafield><datafield ind1=" " ind2=" " tag="530"><subfield code="a">Archived issues are available in digital format from the Library of Congress Chronicling America online collection.</subfield></datafield><datafield ind1=" " ind2=" " tag="752"><subfield code="a">United States</subfield><subfield code="b">Mississippi</subfield><subfield code="c">Panola</subfield><subfield code="d">Panola.</subfield></datafield><datafield ind1="0" ind2="8" tag="776"><subfield code="i">Online version:</subfield><subfield code="t">Lynx (Panola, Miss.)</subfield><subfield code="x">2469-6641</subfield><subfield code="w">(DLC)  2015270709</subfield><subfield code="w">(OCoLC)930393613</subfield></datafield><datafield ind1="0" ind2="0" tag="780"><subfield code="t">Weekly register (Panola, Miss.)</subfield><subfield code="w">(OCoLC)15201713</subfield></datafield><datafield ind1="0" ind2="0" tag="785"><subfield code="t">Panola lynx</subfield><subfield code="w">(OCoLC)16111994</subfield></datafield><datafield ind1="4" ind2="1" tag="856"><subfield code="u">http://www.loc.gov/chroniclingamerica/lccn/sn87065517/issues</subfield></datafield></record>